@comment{This file has been generated by Pybliographer}

@String{ lea 	= "Lawrence Erlbaum Associates"}
@String{ lea-addr 	= "Hillsdale, New Jersey"}
@String{ mit 	= "The MIT Press"}
@String{ ieeetranscom 	= "{IEEE} Transactions on Communications"}
@String{ cs-unc 	= "Department of Computer Science, University of North Carolina at Chapel Hill"}
@String{ psychrev 	= "Psychological Review"}
@String{ josa-a 	= "Journal of the Optical Society of {A}merica {A}"}
@String{ prletters 	= "Pattern Recognition Letters"}
@String{ ap 	= "Academic Press"}
@String{ unc-ch 	= "University of North Carolina at Chapel Hill"}
@String{ mit-addr 	= "Cambridge, MA"}
@String{ pami 	= "{IEEE} Transactions on Pattern Analysis and Machine Intelligence"}
@String{ ams 	= "American Mathematical Society"}
@String{ cvgip 	= "Computer Vision, Graphics, and Image Processing"}
@String{ cvgip-iu 	= "Computer Vision, Graphics, and Image Processing: Image Understanding"}
@String{ springer 	= "Springer-Verlag"}
@String{ tins 	= "Trends in Neuroscience ({TINS})"}
@String{ josa 	= "Journal of the Optical Society of {A}merica"}
@String{ spatialvis 	= "Spatial Vision"}
@String{ procnas 	= "Proc. Natl. Acad. Sci. USA"}
@String{ sciam 	= "Scientific American"}
@String{ vr 	= "Vision Research"}
@String{ ph 	= "Prentice Hall"}
@String{ cgip 	= "Computer Graphics and Image Processing"}


@Book{Romeny1994,
  Editor         = "Baart M. ter Haar Romeny",
  Title          = "Geometry-Driven Diffusion in Computer Vision",
  Publisher      = "Kluwer Academic Publishers",
  year           = 1994,
}

